<?xml version="1.0" encoding="UTF-8"?><record xmlns="http://www.loc.gov/MARC21/slim" xmlns:cinclude="http://apache.org/cocoon/include/1.0" xmlns:zs="http://www.loc.gov/zing/srw/">
  <leader>00718cz  a2200169n  4500</leader>
  <controlfield tag="001">n  90648436 </controlfield>
  <controlfield tag="003">DLC</controlfield>
  <controlfield tag="005">20040322103504.0</controlfield>
  <controlfield tag="008">900523n| acannaab           |a aaa      </controlfield>
  <datafield tag="010" ind1=" " ind2=" ">
    <subfield code="a">n  90648436 </subfield>
  </datafield>
  <datafield tag="040" ind1=" " ind2=" ">
    <subfield code="a">DLC</subfield>
    <subfield code="c">DLC</subfield>
    <subfield code="d">DLC</subfield>
  </datafield>
  <datafield tag="100" ind1="1" ind2=" ">
    <subfield code="a">Court, Jürgen</subfield>
  </datafield>
  <datafield tag="400" ind1="1" ind2=" ">
    <subfield code="a">Court, J.</subfield>
    <subfield code="q">(Jürgen)</subfield>
  </datafield>
  <datafield tag="670" ind1=" " ind2=" ">
    <subfield code="a">His Kants Beitrag zur Theorie und Praxis von Spiel und Sport, 1989:</subfield>
    <subfield code="b">t.p. (Jürgen Court)</subfield>
  </datafield>
  <datafield tag="670" ind1=" " ind2=" ">
    <subfield code="a">Sportphilosophie, c1996:</subfield>
    <subfield code="b">t.p. (J. Court)</subfield>
  </datafield>
  <datafield tag="670" ind1=" " ind2=" ">
    <subfield code="a">Court, Jürgen. Victor Klemperers Kölner Kandidatur, 1999:</subfield>
    <subfield code="b">t.p. (Jürgen Court) p. 4 cover (Dr., Privatdozent am Philosophischen Seminar, Deutsche Sporthochschule Köln)</subfield>
  </datafield>
  <datafield tag="670" ind1=" " ind2=" ">
    <subfield code="a">Was ist Sport?, c2001:</subfield>
    <subfield code="b">t.p. (Jürgen Court) back cover (b. 1961)</subfield>
  </datafield>
</record>